<?xml version="1.0" encoding="UTF-8"?><collection xmlns="http://www.loc.gov/MARC21/slim"><record><leader>00554nam--2200193-i-4500</leader><controlfield tag="001">000043000</controlfield><controlfield tag="002">20161230</controlfield><controlfield tag="005">20161230201043</controlfield><controlfield tag="008">060222s1000------------r-----000-0-eng-d</controlfield><datafield ind1=" " ind2=" " tag="040"><subfield code="a">IFIN-HH</subfield></datafield><datafield ind1=" " ind2=" " tag="080"><subfield code="a">539.12.142:530.143</subfield></datafield><datafield ind1="1" ind2=" " tag="100"><subfield code="a">Streater, R.F</subfield></datafield><datafield ind1="1" ind2="0" tag="245"><subfield code="a">Pct, spin and statistics, and all that</subfield><subfield code="c">R.f. strater, a.s. wightman</subfield></datafield><datafield ind1=" " ind2=" " tag="260"><subfield code="a">New York</subfield><subfield code="b">W.A.Benjamin, Inc</subfield><subfield code="c">1964</subfield></datafield><datafield ind1=" " ind2=" " tag="300"><subfield code="a">VIII+181P</subfield></datafield><datafield ind1=" " ind2=" " tag="490"><subfield code="a">The Mathematical Physics Monograph Series</subfield></datafield><datafield ind1="1" ind2=" " tag="700"><subfield code="a">Wightman, A.S</subfield></datafield><datafield ind1=" " ind2=" " tag="852"><subfield code="a">20865</subfield><subfield code="c">539.12</subfield></datafield><datafield ind1=" " ind2=" " tag="CAT"><subfield code="a">Sys</subfield><subfield code="c">20111103</subfield><subfield code="h">145220</subfield></datafield></record></collection>